@book{aiama,
  author = {Russell, Stuart J. and Norvig, Peter and Candy, John F. and Malik, Jitendra M. and Edwards, Douglas D.},
  title = {Artificial intelligence: a modern approach},
  year = {1996},
  isbn = {0-13-103805-2},
  publisher = {Prentice-Hall, Inc.},
  address = {Upper Saddle River, NJ, USA},
}

@article{eastridge,
  author = {Eastridge, Richard and Schmidt, Cecil},
  title = {Solving n-queens with a genetic algorithm and its usefulness in a computational intelligence course},
  journal = {J. Comput. Small Coll.},
  volume = {23},
  number = {4},
  year = {2008},
  issn = {1937-4771},
  pages = {223--230},
  publisher = {Consortium for Computing Sciences in Colleges},
  address = {, USA},
}

